<?xml version="1.0" encoding="UTF-8"?><collection xmlns="http://www.loc.gov/MARC21/slim"><record><leader>00453nam--2200133-i-4500</leader><controlfield tag="001">000002664</controlfield><controlfield tag="002">20161230</controlfield><controlfield tag="005">20161230201025</controlfield><controlfield tag="008">060222s1000------------r-----000-0-eng-d</controlfield><datafield ind1=" " ind2=" " tag="100"><subfield code="a">Bruck, Henri</subfield></datafield><datafield ind1=" " ind2=" " tag="245"><subfield code="a">Duree de vie de la raie de resonance d interco mbinaison du zinc mesure dans le jet atomique</subfield></datafield><datafield ind1=" " ind2=" " tag="260"><subfield code="a">Paris, Masson Et Co.Editeurs, 1942. 2 F.+ 48 P</subfield></datafield><datafield ind1=" " ind2=" " tag="490"><subfield code="a">Ecole Normale Superieure, Publications Des Lab Oratoires Physique</subfield></datafield><datafield ind1=" " ind2=" " tag="852"><subfield code="a">1659</subfield></datafield></record></collection>